%% Die Folgenden sind von Citeseer.

@inproceedings{ lopez94kaleidoscope,
    author = "Gus Lopez and Bjorn Freeman-Benson and Alan Borning",
    title = "Kaleidoscope: {A} Constraint Imperative Programming Language",
    booktitle = "Constraint Programming: Proceedings 1993 {NATO} {ASI} Parnu, Estonia",
    publisher = "Springer",
    editor = "B. Mayoh and E. Tyugu and J. Penjaam",
    isbn = "3-540-57859-5",
    pages = "305--321",
    year = "1994",
    url = "citeseer.nj.nec.com/lopez93kaleidoscope.html" }

@inproceedings{ lopez94implementing,
    author = "Gus Lopez and Bjorn N. Freeman-Benson and Alan Borning",
    title = "Implementing Constraint Imperative Programming Languages: the {Kaleidoscope'93} Virtual Machine",
    booktitle = "Proceedings of the 1994 ACM Conference on
       Object-Oriented Programming Systems, Languages, and Applications",
    pages = "259-271",
    year = "1994",
    month = "October",
    url = "citeseer.nj.nec.com/lopez94implementing.html" }

@inproceedings{ ny94yet,
    author = "Tibor K{\"{o}}k\'{e}ny",
    title = "Yet Another Object-Oriented Constraint Resolution System: An Open Architecture Approach",
    booktitle = "Proceedings {ECAI}'94 Workshop on Constraint Processing",
    address = "Amsterdam",
    editor = "Manfred Meyer",
    year = "1994",
    url = "citeseer.nj.nec.com/145609.html" }

@inproceedings{ apt97search,
    author = "Krzysztof R. Apt and Andrea Schaerf",
    title = "Search and Imperative Programming",
    booktitle = "Conference Record of {POPL} 97: The 24TH {ACM} {SIGPLAN}-{SIGACT} Symposium on Principles of Programming Languages, Paris, France",
    address = "New York, NY",
    pages = "67--79",
    year = "1997",
    url = "citeseer.nj.nec.com/apt97search.html" }

@techreport{ snyder90setl,
    author = "W. Kirk Snyder",
    title = "The {SETL2} Programming Language",
    number = "490",
    address = "251 Mercer St., New York, NY",
    year = "1990",
    institution = "New York University",
    url = "citeseer.nj.nec.com/snyder90setl.html" }

@inproceedings{ chamberlain99regions,
    author = "Bradford L. Chamberlain and E. Christopher Lewis and Calvin Lin and Lawrence Snyder",
    title = "Regions: an abstraction for expressing array computation",
    booktitle = "{APL}",
    pages = "41-49",
    year = "1999",
    url = "citeseer.nj.nec.com/286983.html" }

@inproceedings{ pachet95mixing,
    author = "F. Pachet and P. Roy",
    title = "Mixing Constraints and Objects: {A} Case Study in Automatic Harmonization",
    booktitle = "Proceedings of {TOOLS}-Europe{'}95, Versailles, France",
    publisher = "Prentice-Hall, Hertfordshire, UK",
    editor = "I. Graham and B. Magnusson and J.-M. Nerson",
    pages = "119--126",
    year = "1995",
    url = "citeseer.nj.nec.com/5644.html" }

@misc{ menzies93how,
  author = "T. Menzies and R. Spurret",
  title = "How to Edit it; or a Black-Box Constraint Based Framework for User Interaction
    with Arbitrary Structures",
  text = "T.J Menzies and R Spurret. How to Edit it; or a Black-Box Constraint Based
    Framework for User Interaction with Arbitrary Structures. In Tools Pacific
    12, pages 213--224. Prentice Hall, 1993.",
  year = "1993",
  url = "citeseer.nj.nec.com/menzies93how.html" }

%% Die Folgenden sind selbergestrickt.

@inproceedings{ benson92int,
  author = "Bjorn N. Freeman-Benson",
  title = "Integrating Constraints with an Object-Oriented Language",
  booktitle = "Proceedings of the 1992 European Conference on Object-Oriented Programming",
  address = "New York, NY",
  pages = "268--286",
  year = "1992",
  url = "" }

@techreport{ mehl95amoz,
  author = "Michael Mehl and Ralf Scheidhauer and Christion Schulte",
  title = "An Abstract Machine for Oz",
  institution = "Deutsches Forschungszentrum f{\"u}r k{\"u}nstliche Intelligenz GmbH",
  year = "1995",
  month = nov }


@Article{apt98alma,
  author = 	 {Krzysztof R. Apt and Jacob Brunekreef and Vincent Partington and Andrea Schaerf},
  title = 	 {Alma-0: An Imperative Language that Supports Declarative Programming},
  journal = 	 {ACM Toplas},
  year = 	 {1998},
  OPTkey = 	 {},
  volume =	 {20},
  number =	 {5},
  pages =	 {1014--1066},
  OPTmonth = 	 {},
  OPTnote = 	 {},
  OPTannote = 	 {}
}

@book{ wirth85modula,
  author = "Niklaus Wirth",
  title = "Programming in Modula-2",
  publisher = "Springer Verlag, New York",
  year = "1985",
  edition = "3rd"}

@Article{badros02cassowary,
  author = 	 {Greg Badros and Alan Borning and Peter J. Stuckey},
  title = 	 {The {Cassowary} Linear Arithmetic Constraint Solving Algorithm},
  journal = 	 {ACM Transactions on Computer-Human Interaction},
  year = 	 {2001},
  OPTkey = 	 {},
  volume =	 {8},
  number =	 {4},
  OPTpages = 	 {267--306},
  month =	 {December},
  OPTnote = 	 {},
  OPTannote = 	 {}
}

%% ~/diplom/papers/hierarchies/constraint-hierarchies-lisp-symb-comp.ps.Z
@Article{ borning92constrainthierarchies,
  author = 	 {Alan Borning and Bjorn Freeman-Benson and Molly Wilson},
  title = 	 {Constraint Hierarchies},
  journal = 	 {Lisp and Symbolic Computation},
  year = 	 {1992},
  OPTkey = 	 {},
  volume =	 {5},
  OPTnumber = 	 {},
  pages =	 {223-270},
  OPTmonth = 	 {},
  OPTnote = 	 {},
  OPTannote = 	 {}
}

@Book{steele90cl,
  author =	 {Guy Lewis {Steele, Jr.}},
  ALTeditor = 	 {},
  title = 	 {Common Lisp: The Language},
  publisher = 	 {Digital Press},
  year = 	 {1990},
  OPTkey = 	 {},
  OPTvolume = 	 {},
  OPTnumber = 	 {},
  OPTseries = 	 {},
  address = 	 {Badford, Massachusetts},
  edition =	 {second},
  OPTmonth = 	 {},
  OPTnote = 	 {},
  OPTannote = 	 {}
}

@Article{kelsey98r5rs,
  author = 	 {Richard Kelsey and William Clinger and Jonathan Rees and others},
  title = 	 {Revised{${}^5$} Report on the Algorithmic Language {Scheme}},
  journal = 	 {ACM SIGPLAN Notices},
  year = 	 {1998},
  OPTkey = 	 {},
  volume =	 {33},
  number =	 {6},
  pages =	 {26--76},
  month =	 {September},
  OPTnote = 	 {},
  OPTannote = 	 {}
}

@Article{budd94leda,
  author = 	 {Timothy A. Budd},
  title = 	 {Blending Imperative and Relational Programming},
  journal = 	 {IEEE Software},
  year = 	 {1991},
  OPTkey = 	 {},
  volume = 	 {8},
  number = 	 {1},
  OPTpages = 	 {},
  month = 	 {January},
  OPTnote = 	 {},
  OPTannote = 	 {}
}

@PhdThesis{benson91cip,
  author = 	 {B. N. Freeman-Benson},
  title = 	 {Constraint Imperative Programming},
  school = 	 {University of Washington, Department of Computer Science and Engineering},
  year = 	 {1991},
  OPTkey = 	 {},
  OPTtype = 	 {},
  OPTaddress = 	 {},
  month = 	 {July},
  note = 	 {Published as Department of Computer Science and Engineering Technical Report 91-07-02},
  OPTannote = 	 {}
}

@TechReport{garciaHAL,
  author = 	 {Maria Garcia de la Banda and David Jeffery and Kim Mariott and Nicholas Nethercote and Peter J. Stuckey and Christian Holzbaur},
  title = 	 {Building Constraint Solvers with {HAL}},
  institution =  {???},
  year = 	 {19??},
  OPTkey = 	 {},
  OPTtype = 	 {},
  OPTnumber = 	 {},
  OPTaddress = 	 {},
  OPTmonth = 	 {},
  OPTnote = 	 {},
  OPTannote = 	 {}
}

@TechReport{demoenPoly,
  author = 	 {Bart Demoen and Maria Garcia de la Banda and Peter J. Stuckey},
  title = 	 {Type Constraint Solving for Parametric and Ad-hoc Polymorphism},
  institution =  {????},
  year = 	 {19??},
  OPTkey = 	 {},
  OPTtype = 	 {},
  OPTnumber = 	 {},
  OPTaddress = 	 {},
  OPTmonth = 	 {},
  OPTnote = 	 {},
  OPTannote = 	 {}
}

@TechReport{schimpf99search,
  author = 	 {Joachim Schimpf and Kish Shen and Mark Wallace},
  title = 	 {Tutorial on Search in ECLiPSe},
  institution =  {Imperial College London},
  year = 	 {1999},
  OPTkey = 	 {},
  OPTtype = 	 {},
  OPTnumber = 	 {},
  OPTaddress = 	 {},
  OPTmonth = 	 {},
  OPTnote = 	 {},
  OPTannote = 	 {}
}

@TechReport{meier95debugging,
  author = 	 {Micha Meier},
  title = 	 {Debugging Constraint Programs},
  institution =  {European Computer-Industry Research Center},
  year = 	 {1995},
  OPTkey = 	 {},
  OPTtype = 	 {},
  OPTnumber = 	 {},
  OPTaddress = 	 {},
  OPTmonth = 	 {},
  OPTnote = 	 {},
  OPTannote = 	 {}
}

%%% FIXME: URL, Jahreszahl
@TechReport{bartakPropagation,
  author = 	 {Roman Bart{\'{a}}k},
  title = 	 {Theory and Practice of Constraint Propagation},
  institution =  {????},
  year = 	 {19??},
  OPTkey = 	 {},
  OPTtype = 	 {},
  OPTnumber = 	 {},
  OPTaddress = 	 {},
  OPTmonth = 	 {},
  OPTnote = 	 {},
  OPTannote = 	 {}
}

%%% FIXME: URL, Jahreszahl
@TechReport{bartakGrail,
  author = 	 {Roman Bart{\'{a}}k},
  title = 	 {Constraint Programming: In Pursuit of the Holy Grail},
  institution =  {????},
  year = 	 {19??},
  OPTkey = 	 {},
  OPTtype = 	 {},
  OPTnumber = 	 {},
  OPTaddress = 	 {},
  OPTmonth = 	 {},
  OPTnote = 	 {},
  OPTannote = 	 {}
}


@Misc{bilsonOverload,
  OPTkey = 	 {},
  author =	 {Richard C. Bilson},
  title =	 {Algorithms for Overload Resolution},
  howpublished = {World Wide Web},
  month =	 {September},
  year =	 {2001},
  note =	 {\newline{\small\tt http://plg.uwaterloo.ca/~rcbilson/cforall/overload.html}, \newline last visited: 2003-02-24},
  OPTannote = 	 {}
}


@Misc{bartakHierarchies,
  OPTkey = 	 {},
  author = 	 {Roman Bart{\'{a}}k},
  title = 	 {Guide to Constraint Programming: Algorithms for Solving Constraint Hierarchies},
  howpublished = {World Wide Web},
  OPTmonth = 	 {},
  year =	 {1998},
  note =	 {\newline {\small\tt http://kti.ms.mff.cuni.cz/\~{ }bartak/constraints/ch\_solvers.html}, \newline last visited: 2003-02-24},
  OPTannote = 	 {}
}


@Misc{bartakHierarchies1,
 author  = {Roman Bart{\'{a}}k},
 title   = {Guide to Constraint Programming: Constraint Hierarchies},
 howpublished = {World Wide Web},
 NOTE    = {\newline {\small\tt http://kti.ms.mff.cuni.cz/\~{ }bartak/constraints/hierarchies.html}, \newline last visited: 2003-02-24},
 YEAR    = 1998}


@Article{chakravarty97goffin,
  author = 	 {Manuel M. T. Chakravarty and Yike Guo and Martin K\"ohler and Hendrik C. R. Lock},
  title = 	 {Goffin: Higher-Order Functions Meet Concurrent Constraints},
  journal = 	 {Elsevier Science},
  year = 	 {1997},
  OPTkey = 	 {},
  volume = 	 {29},
  OPTnumber = 	 {},
  OPTpages = 	 {},
  OPTmonth = 	 {},
  note = 	 {Special issue of ``Science of Computer Programming''},
  OPTannote = 	 {}
}


@TechReport{buddGeneral,
  author = 	 {Timothy A. Budd and Timothy P. Justice and Rajeev K. Pandey},
  title = 	 {General-Purpose Multiparadigm Programming Languages: An Enabling Technology for Constructing Complex Systems},
  institution =  {Oregon State University, Department of Computer Science},
  year = 	 {1995},
  OPTkey = 	 {},
  OPTtype = 	 {},
  number =	 {95-60-04},
  OPTaddress = 	 {},
  OPTmonth = 	 {},
  OPTnote = 	 {},
  OPTannote = 	 {}
}

@Proceedings{podelski94cp,
  title = 	 {Constraint Programming: Basics and Trends},
  year = 	 {1994},
  OPTkey = 	 {},
  OPTbooktitle = {},
  editor = 	 {Andreas Podelski},
  OPTvolume = 	 {},
  number = 	 {910},
  series = 	 {Lecture Notes in Computer Science},
  OPTaddress = 	 {},
  OPTmonth = 	 {},
  OPTorganization = {},
  publisher = {Springer},
  OPTnote = 	 {},
  OPTannote = 	 {}
}


@Book{budd95mppil,
  author =	 {Timothy A. Budd},
  ALTeditor = 	 {},
  title = 	 {Multiparadigm Programming in Leda},
  publisher = 	 {Addison-Wesley, Reading, MA},
  year = 	 {1995},
  OPTkey = 	 {},
  OPTvolume = 	 {},
  OPTnumber = 	 {},
  OPTseries = 	 {},
  OPTaddress = 	 {},
  OPTedition = 	 {},
  OPTmonth = 	 {},
  OPTnote = 	 {},
  OPTannote = 	 {}
}

@Article{wallace95cp,
  author = 	 {Mark Wallace},
  title = 	 {Constraint Programming},
  journal = 	 {The Handbook of Applied Expert Systems},
  year = 	 {1995},
  OPTkey = 	 {},
  OPTvolume = 	 {},
  OPTnumber = 	 {},
  OPTpages = 	 {},
  OPTmonth = 	 {},
  OPTnote = 	 {},
  OPTannote = 	 {}
}

@TechReport{fruewirth93clp,
  author = 	 {T. Fr{\"u}hwirth and A. Herold and V. K{\"u}chenhoff and T. {Le Provost} and P. Lim and E. Monfroy and M. Wallace},
  title = 	 {Constraint logic programming: An informal introduction},
  institution =  {ECRC},
  year = 	 {1993},
  OPTkey = 	 {},
  OPTtype = 	 {},
  number = 	 {ECRC-93-5},
  OPTaddress = 	 {},
  OPTmonth = 	 {},
  OPTnote = 	 {},
  OPTannote = 	 {}
}

@Article{colmerauer90prologIII,
  author = 	 {A. Colmerauer},
  title = 	 {An introduction to {P}rolog {III}},
  journal = 	 {Communications of the ACM},
  year = 	 {1990},
  OPTkey = 	 {},
  volume = 	 {33},
  number = 	 {7},
  pages = 	 {69--90},
  month = 	 {July},
  OPTnote = 	 {},
  OPTannote = 	 {}
}

@Article{cras93review,
  author = 	 {J.-Y. Cras},
  title = 	 {A Review of Industrial Constraint Solving Tools},
  journal = 	 {AI Intelligence},
  year = 	 {1993},
  OPTkey = 	 {},
  OPTvolume = 	 {},
  OPTnumber = 	 {},
  OPTpages = 	 {},
  OPTmonth = 	 {},
  note = 	 {ISBN 1-898804-001},
  OPTannote = 	 {}
}

%% ~/diplom/papers/jaffar94constraint.ps.gz
@Article{jaffar94clpsurvey,
  author = 	 {J. Jaffar and M. Maher},
  title = 	 {Constraint logic programming: A Survey},
  journal = 	 {Journal of Logic Programming 19/20},
  year = 	 {1994},
  OPTkey = 	 {},
  OPTvolume = 	 {},
  OPTnumber = 	 {},
  pages = 	 {503--581},
  OPTmonth = 	 {},
  OPTnote = 	 {},
  OPTannote = 	 {}
}

@Book{saraswat93cc,
  author = 	 {V. A. Saraswat},
  ALTeditor = 	 {},
  title = 	 {Concurrent Constraint Programming},
  publisher = 	 {MIT Press},
  year = 	 {1993},
  OPTkey = 	 {},
  OPTvolume = 	 {},
  OPTnumber = 	 {},
  OPTseries = 	 {},
  OPTaddress = 	 {},
  OPTedition = 	 {},
  OPTmonth = 	 {},
  OPTnote = 	 {},
  OPTannote = 	 {}
}

@PhdThesis{borning79thinglab,
  author = 	 {Alan Borning},
  title = 	 {ThingLab---A constraint-oriented simulation laboratory},
  school = 	 {Stanford},
  year = 	 {1979},
  OPTkey = 	 {},
  OPTtype = 	 {},
  OPTaddress = 	 {},
  month = 	 {March},
  note = 	 {A revised version is published as Xerox Palo Alto Research Center Report SSL-79-3, July 1979},
  OPTannote = 	 {}
}

@Book{leler87cp,
  author = 	 {William Leler},
  ALTeditor = 	 {},
  title = 	 {Constraint Programming Languages: Their Specification and Generation},
  publisher = 	 {Addison-Wesley Publishing Company},
  year = 	 {1987},
  OPTkey = 	 {},
  OPTvolume = 	 {},
  OPTnumber = 	 {},
  OPTseries = 	 {},
  OPTaddress = 	 {},
  OPTedition = 	 {},
  OPTmonth = 	 {},
  OPTnote = 	 {},
  OPTannote = 	 {}
}

@PhdThesis{li95oocp,
  author = 	 {Jiarong Li},
  title = 	 {Object-oriented constraint programming for interactive applications},
  school = 	 {Department of Numerical Analysis and Computing Science, Royal Institute of Technology},
  year = 	 {1995},
  OPTkey = 	 {},
  OPTtype = 	 {},
  OPTaddress = 	 {},
  month = 	 {September},
  OPTnote = 	 {},
  OPTannote = 	 {},
  url =          {http://www.nada.kth.se/~li/thesis.html}
}

%% ~/diplom/papers/UW-CSE-94-03-07.PS.Z
@InProceedings{lopez94identity,
  author = 	 {Gus Lopez and Bjorn Freeman-Benson and Alan Borning},
  title = 	 {Constraints and object identity},
  OPTcrossref =  {},
  OPTkey = 	 {},
  booktitle = {Proceedings of the 1994 European Conference on Object-Oriented Programming},
  pages = 	 {260--279},
  year = 	 {1994},
  OPTeditor = 	 {},
  OPTvolume = 	 {},
  OPTnumber = 	 {},
  OPTseries = 	 {},
  OPTaddress = 	 {},
  month = 	 {July},
  OPTorganization = {},
  OPTpublisher = {},
  OPTnote = 	 {},
  OPTannote = 	 {}
}

@Book{stroustrup86cpp,
  author = 	 {Bjarne Stroustrup},
  ALTeditor = 	 {},
  title = 	 {The C++ Programming Language},
  publisher = 	 {Addison-Wesley},
  year = 	 {1986},
  OPTkey = 	 {},
  OPTvolume = 	 {},
  OPTnumber = 	 {},
  OPTseries = 	 {},
  address = 	 {New York},
  OPTedition = 	 {},
  OPTmonth = 	 {},
  OPTnote = 	 {},
  OPTannote = 	 {}
}

@InProceedings{sutherland63sketchpad,
  author = 	 {Ivan Sutherland},
  title = 	 {Sketchpad: A man-machine graphical communications system},
  OPTcrossref =  {},
  OPTkey = 	 {},
  booktitle = {Proceedings of the Spring Joint Computer Conference},
  OPTpages = 	 {329--345},
  year = 	 {1963},
  OPTeditor = 	 {},
  OPTvolume = 	 {},
  OPTnumber = 	 {},
  series = 	 {IFIPS},
  OPTaddress = 	 {},
  OPTmonth = 	 {},
  OPTorganization = {},
  OPTpublisher = {},
  OPTnote = 	 {},
  OPTannote = 	 {}
}

@Article{avesani90cool,
  author = 	 {P. Avesani and A. Perini and F. Ricci},
  title = 	 {{COOL}: An Object System with Constraints},
  journal = 	 {TOOLS 2},
  year = 	 {1990},
  OPTkey = 	 {},
  OPTvolume = 	 {},
  OPTnumber = 	 {},
  OPTpages = 	 {},
  month = 	 {June},
  OPTnote = 	 {},
  OPTannote = 	 {}
}


@Article{sussman80constraints,
  author = 	 {G. J. Sussman and G. L. Steele},
  title = 	 {CONSTRAINTS: A Language for Expressing Almost-Hierarchical Descriptions},
  journal = 	 {Artificial Intelligence 14},
  year = 	 {1980},
  OPTkey = 	 {},
  OPTvolume = 	 {},
  OPTnumber = 	 {},
  pages = 	 {1--39},
  OPTmonth = 	 {},
  OPTnote = 	 {},
  OPTannote = 	 {}
}

@Article{fikes70refarf,
  author = 	 {R. E. Fikes},
  title = 	 {{REF-ARF}: A System for solving problems stated as procedures },
  journal = 	 {Artificial Intelligence 1},
  year = 	 {1970},
  OPTkey = 	 {},
  OPTvolume = 	 {},
  OPTnumber = 	 {},
  OPTpages = 	 {27--120},
  OPTmonth = 	 {},
  OPTnote = 	 {},
  OPTannote = 	 {}
}

@Article{lauriere78alice,
  author = 	 {J.-L. Lauriere},
  title = 	 {A Language and a Program for Stating and Solving Combinatorial Problems},
  journal = 	 {Artificial Intelligence 10},
  year = 	 {1978},
  OPTkey = 	 {},
  OPTvolume = 	 {},
  OPTnumber = 	 {},
  pages = 	 {29--127},
  OPTmonth = 	 {},
  OPTnote = 	 {},
  OPTannote = 	 {}
}

@Book{goldberg83smalltalk,
  author = 	 {Adele Goldberg and David Robson},
  ALTeditor = 	 {},
  title = 	 {Smalltalk-80: The Language and its Implementation},
  publisher = 	 {Addison-Wesley},
  year = 	 {1983},
  OPTkey = 	 {},
  OPTvolume = 	 {},
  OPTnumber = 	 {},
  OPTseries = 	 {},
  OPTaddress = 	 {},
  OPTedition = 	 {},
  OPTmonth = 	 {},
  OPTnote = 	 {},
  OPTannote = 	 {}
}

@InProceedings{horn92patterns,
  author = 	 {Bruce Horn},
  title = 	 {Constraint Patterns as a basis for object-oriented constraint programming},
  OPTcrossref =  {},
  OPTkey = 	 {},
  booktitle = {Proceedings of the 1992 ACM Conference on Object-Oriented Programming Systems, Languages and Applications},
  pages = 	 {218--233},
   year = 	 {1992},
  OPTeditor = 	 {},
  OPTvolume = 	 {},
  OPTnumber = 	 {},
  OPTseries = 	 {},
  address = 	 {Vancouver, British Columbia},
  month = 	 {October},
  OPTorganization = {},
  OPTpublisher = {},
  OPTnote = 	 {},
  OPTannote = 	 {}
}

@InBook{horn92siri,
  author = 	 {Bruce Horn},
  ALTeditor = 	 {},
  title = 	 {Languages for Developing User Interfaces},
  chapter = 	 {Properties of user interface systems and the {S}iri programming language},
  publisher = 	 {Jones and Bartlett},
  year = 	 {1992},
  OPTkey = 	 {},
  OPTvolume = 	 {},
  OPTnumber = 	 {},
  OPTseries = 	 {},
  OPTtype = 	 {},
  address = 	 {Boston},
  OPTedition = 	 {},
  OPTmonth = 	 {},
  pages = 	 {211--236},
  OPTnote = 	 {},
  OPTannote = 	 {}
}

@Article{wilson93hierarchical,
  author = 	 {Molly Wilson and Alan Borning},
  title = 	 {Hierarchical Constraint Programming},
  journal = 	 {Journal of Logic Programming},
  year = 	 {1993},
  OPTkey = 	 {},
  volume = 	 {16},
  number = 	 {3 \& 4},
  pages = 	 {277--318},
  month = 	 {August},
  OPTnote = 	 {},
  OPTannote = 	 {}
}

@PhdThesis{steele80phd,
  author = 	 {Guy L. {Steele, Jr.}},
  title = 	 {The Definition and Implementation of a Computer Programming Language Based on Constraints},
  school = 	 {MIT},
  year = 	 {1980},
  OPTkey = 	 {},
  OPTtype = 	 {},
  OPTaddress = 	 {},
  month = 	 {August},
  note = 	 {Published as MIT-AI TR 595},
  OPTannote = 	 {}
}

@InProceedings{benson90kaleidoscope,
  author = 	 {Bjorn Freeman-Benson},
  title = 	 {Kaleidoscope: Mixing Objects, Constraints, and Imperative Programming},
  OPTcrossref =  {},
  OPTkey = 	 {},
  booktitle = {Proceedings of the ECOOP/OOPSLA '90 Joint Conference on Object-Oriented Programming},
  OPTpages = 	 {},
  year = 	 {1990},
  OPTeditor = 	 {},
  OPTvolume = 	 {},
  OPTnumber = 	 {},
  OPTseries = 	 {},
  OPTaddress = 	 {},
  OPTmonth = 	 {},
  OPTorganization = {},
  OPTpublisher = {},
  OPTnote = 	 {},
  OPTannote = 	 {}
}

@PhdThesis{lopez97phd,
  author = 	 {Gus Lopez},
  title = 	 {The Design and Implementation of Kaleidoscope, A Constraint Imperative Programming Language},
  school = 	 {University of Washington, Department of Computer Science and Engineering},
  year = 	 {1997},
  OPTkey = 	 {},
  OPTtype = 	 {},
  OPTaddress = 	 {},
  month = 	 {January},
  OPTnote = 	 {},
  OPTannote = 	 {}
}

@InProceedings{wilk91equate,
  author = 	 {M. R. Wilk},
  title = 	 {Equate: An Object-Oriented Constraint Solver},
  OPTcrossref =  {},
  OPTkey = 	 {},
  booktitle = {OOPSLA '91},
  pages = 	 {286--298},
  year = 	 {1991},
  OPTeditor = 	 {},
  OPTvolume = 	 {},
  OPTnumber = 	 {},
  OPTseries = 	 {},
  OPTaddress = 	 {},
  OPTmonth = 	 {},
  OPTorganization = {},
  OPTpublisher = {},
  OPTnote = 	 {},
  OPTannote = 	 {}
}

@inproceedings{harveyCompiling,
        author={Warwick Harvey and Peter J. Stuckey and Alan Borning},
        title={Compiling constraint solving using projection},
        booktitle={Proceedings of the Third International Conference on Principles and Practices
                of Constraint Programming},
        year={1997},
        month={October},
        publisher={Springer-Verlag (LNCS)},
        editor={G. Smolka},
        pages={491-505},
        url={citeseer.nj.nec.com/harvey97compiling.html},
        url={http://www.cs.mu.oz.au/publications/tr_db/mu_97_06.ps.gz AND http://www.cs.washington.edu/research/constraints/solvers/cp97.html} }

@Book{appel98moderncompiler,
  author = 	 {Andrew W. Appel},
  ALTeditor = 	 {},
  title = 	 {Modern Compiler Implementation in C},
  publisher = 	 {Cambridge University Press},
  year = 	 {1998},
  OPTkey = 	 {},
  OPTvolume = 	 {},
  OPTnumber = 	 {},
  OPTseries = 	 {},
  OPTaddress = 	 {},
  OPTedition = 	 {},
  OPTmonth = 	 {},
  OPTnote = 	 {},
  OPTannote = 	 {}
}

@Book{grune00compilerdesign,
  author = 	 {Dick Grune and Henri E. Bal and Ceriel J. H. Jacobs and Koen G. Langendoen},
  ALTeditor = 	 {},
  title = 	 {Modern Compiler Design},
  publisher = 	 {John Wiley \& Sons},
  year = 	 {2000},
  OPTkey = 	 {},
  OPTvolume = 	 {},
  OPTnumber = 	 {},
  OPTseries = 	 {},
  OPTaddress = 	 {},
  OPTedition = 	 {},
  OPTmonth = 	 {},
  OPTnote = 	 {},
  OPTannote = 	 {}
}

@inproceedings{ abdennadher01:jack:inp,
        author={Slim Abdennadher and Ekkerhard Kr{\"a}mer and Matthias Saft and Matthias Schmauss},
        title={JACK: A {Java} Constraint Kit},
        abstract={Most existing libraries providing constraint facilities are embedded in
                the logic programming language, Prolog, or in the object-oriented language,
                C++. Recently, some proposals have been made to integrate constraint handling
                in Java. The goal of this work is to provide a new constraint library for
                Java, called JACK. It consists of a high-level language for writing constraint
                solvers, a generic search engine and a tool to visualize the simplification
                and propagation of constraints.},
        booktitle={Proceedings International Workshop on Functional and (Constraint) Logic
                Programming (WFLP 2001)},
        year={2001},
        month={September 13-15},
        publisher={University of Kiel; published as Tech Report No. 2017},
        address={Kiel},
        organization={Society of Logic Programming (GLP e.V.; http://wdp.first.gmd.de:8080/glp/
                ) },
        url={citeseer.nj.nec.com/abdennadher01jack.html},
        url={http://www.pms.informatik.uni-muenchen.de/mitarbeiter/abdennad/Publikationen/paperWLP.ps} }

@MISC{Jack2,
 key = {Jack},
 TITLE   = {{JACK -- Java Constraint Kit}},
 NOTE    = {\newline {\small\tt http://www.pms.informatik.uni-muenchen.de/software/jack/}, \newline last visited: 2003-02-24},
 howpublished = {World Wide Web},
 month = {February},
 YEAR    = 2003},

@Article{tarditi92noasm,
  author = 	 {David Tarditi and Peter Lee and Anurag Acharya},
  title = 	 {No Assembly Required: Compiling {Standard} {ML} to {C}},
  journal = 	 {ACM Letters on Programming Languages and Systems},
  year = 	 {1992},
  OPTkey = 	 {},
  volume = 	 {1},
  number = 	 {2},
  pages = 	 {161--177},
  month = 	 {June},
  OPTnote = 	 {},
  OPTannote = 	 {}
}

@TechReport{dybvig90destination,
  author = 	 {R. Kent Dybvig and Robert Hieb and Tom Butler},
  title = 	 {Destination-Driven Code Generation},
  institution =  {Indiana University Computer Science Department},
  year = 	 {1990},
  OPTkey = 	 {},
  OPTtype = 	 {},
  number = 	 {302},
  OPTaddress = 	 {},
  month = 	 {February},
  OPTnote = 	 {},
  OPTannote = 	 {}
}


@TechReport{feeley97compilingtoc,
  author = 	 {Marc Feeley and James S. Miller and Guillermo J. Rozas and Jason A. Wilson},
  title = 	 {Compiling Higher-Order Languages into Fully Tail-Recursive Portable {C}},
  institution =  {D\'epartement
    d'informatique et de recherche op\'erationelle, Universit\'e de Montr\'eal},
  year = 	 {1997},
  OPTkey = 	 {},
  OPTtype = 	 {},
  number =	 {1078},
  OPTaddress = 	 {},
  month =	 {August},
  OPTnote = 	 {},
  OPTannote = 	 {}
}

@inproceedings{51926,
 author = {Roy Feldman},
 title= {Design of a dependency-directed compiler for constraint propagation},
 booktitle = {Proceedings of the first international conference on Industrial and engineering applications of artificial intelligence and expert systems},
 year = {1988},
 isbn = {0-89791-271-3},
 pages = {141--146},
 location = {Tullahoma, Tennessee, United States},
 doi = {http://doi.acm.org/10.1145/51909.51926},
 publisher = {ACM Press},
 }

@inproceedings{266361,
 author = {Alan Borning and Richard Lin and Kim Marriott},
 title= {Constraints for the web},
 booktitle = {Proceedings of the fifth ACM international conference on Multimedia},
 year = {1997},
 isbn = {0-89791-991-2},
 pages = {173--182},
 location = {Seattle, Washington, United States},
 doi = {http://doi.acm.org/10.1145/266180.266361},
 publisher = {ACM Press},
 }

@inproceedings{182598,
 author = {Peter J. Stuckey and S. Sudarshan},
 title= {Compiling query constraints (extended abstract)},
 booktitle = {Proceedings of the thirteenth ACM SIGACT-SIGMOD-SIGART symposium on Principles of database systems},
 year = {1994},
 isbn = {0-89791-642-5},
 pages = {56--67},
 location = {Minneapolis, Minnesota, United States},
 doi = {http://doi.acm.org/10.1145/182591.182598},
 publisher = {ACM Press},
 }

@Book{jones96gc,
  author = 	 {Richard Jones and Rafael Lins},
  ALTeditor = 	 {},
  title = 	 {Garbage Collection---Algorithms for Automatic Dynamic Memory Management},
  publisher = 	 {John Wiley {\&} Sons},
  year = 	 {1996},
  OPTkey = 	 {},
  OPTvolume = 	 {},
  OPTnumber = 	 {},
  OPTseries = 	 {},
  address = 	 {Chichester},
  OPTedition = 	 {},
  OPTmonth = 	 {},
  OPTnote = 	 {},
  OPTannote = 	 {}
}

@Article{cheney70compaction,
  author = 	 {C. J. Cheney},
  title = 	 {A non-recursive list compaction algorithm},
  journal = 	 {Communications of the ACM},
  year = 	 {1970},
  OPTkey = 	 {},
  volume = 	 {13},
  number = 	 {11},
  pages = 	 {677--8},
  month = 	 {November},
  OPTnote = 	 {},
  OPTannote = 	 {}
}

@InProceedings{fruehwirthAnwendungen,
  author = 	 {Thom Fr{\"u}hwirth and Slim Abdennadher},
  title = 	 {{Anwendungen Constraintbasierter Programmierung}},
  OPTcrossref =  {},
  OPTkey = 	 {},
  booktitle =	 {Informatik '97, Informatik als Innovationsmotor, 27. Jahrestagung der Gesellschaft f{\"u}r Informatik},
  pages =	 {317--326},
  year =	 {1997},
  editor =	 {Matthias Jarke and Klaus Pasedach and Klaus Pohl},
  OPTvolume = 	 {},
  OPTnumber = 	 {},
  series =	 {Informatik Aktuell},
  OPTaddress = 	 {},
  OPTmonth = 	 {},
  OPTorganization = {},
  publisher =	 {Springer},
  OPTnote = 	 {},
  OPTannote = 	 {}
}


@Book{fruehwirth97ConstraintProgrammierung,
  author = 	 {Thom Fr{\"u}hwirth and Slim Abdennadher},
  ALTeditor = 	 {},
  title = 	 {Constraint-Programmierung},
  publisher = 	 {Springer},
  year = 	 {1997},
  OPTkey = 	 {},
  OPTvolume = 	 {},
  OPTnumber = 	 {},
  OPTseries = 	 {},
  OPTaddress = 	 {},
  OPTedition = 	 {},
  OPTmonth = 	 {},
  OPTnote = 	 {},
  OPTannote = 	 {}
}

@Article{baker82overload,
  author = 	 {T. Baker},
  title = 	 {A one-pass algorithm for overload resolution in {Ada}},
  journal = 	 {ACM Transactions on Programming Languages and Systems},
  year = 	 {1982},
  OPTkey = 	 {},
  volume = 	 {4},
  number = 	 {4},
  pages = 	 {601--14},
  OPTmonth = 	 {},
  OPTnote = 	 {},
  OPTannote = 	 {}
}


@InProceedings{apt98almaproject,
  author = 	 {Krzysztof R. Apt and Andrea Schaerf},
  title = 	 {The {Alma} Project, or How First Order Logic Can Help Us in Imperative Programming},
  OPTcrossref =  {},
  OPTkey = 	 {},
  booktitle =	 {Correct System Design},
  pages =	 {89--113},
  year =	 {1999},
  OPTeditor = 	 {E.-R. Olderog and B. Steffen},
  OPTvolume = 	 {},
  number =	 {1710},
  series =	 {LNCS},
  OPTaddress = 	 {},
  OPTmonth = 	 {},
  OPTorganization = {},
  publisher =	 {Springer},
  OPTnote = 	 {},
  OPTannote = 	 {}
}


@TechReport{sannella92skyblue,
  author = 	 {Michael Sannella},
  title = 	 {The {SkyBlue} Constraint Solver},
  institution =  {Dept. of Computer Science and Engineering, University of Washington},
  year = 	 {1992},
  OPTkey = 	 {},
  OPTtype = 	 {},
  number = 	 {92-0702},
  OPTaddress = 	 {},
  month = 	 {February},
  OPTnote = 	 {},
  OPTannote = 	 {}
}


@Article{borning98ultraviolet,
  author = 	 {Alan Borning and Bjorn Freeman-Benson},
  title = 	 {Ultraviolet: A Constraint Satisfaction Algorithm for Interactive Graphics},
  journal = 	 {Constraints},
  year = 	 {1998},
  OPTkey = 	 {},
  volume = 	 {3},
  OPTnumber = 	 {3},
  pages = 	 {1--26},
  OPTmonth = 	 {},
  OPTnote = 	 {},
  OPTannote = 	 {}
}


@InProceedings{borning95oti,
  author = 	 {Alan Borning and Bjorn Freeman-Benson},
  title = 	 {The {OTI} Constraint Solver: A Constraint Library for Constructing Interactive Graphical User Interfaces},
  OPTcrossref =  {},
  OPTkey = 	 {},
  booktitle = {Proceedings of the First International Conference on Principles and Practice of Constraint Programming},
  pages = 	 {624--628},
  year = 	 {1995},
  OPTeditor = 	 {},
  OPTvolume = 	 {},
  OPTnumber = 	 {},
  OPTseries = 	 {},
  OPTaddress = 	 {},
  month = 	 {September},
  OPTorganization = {},
  OPTpublisher = {},
  OPTnote = 	 {},
  OPTannote = 	 {}
}


@InProceedings{borning2000splitstay,
  author = 	 {Alan Borning and Greg J. Badros},
  title = 	 {On Finding Graphically Plausible Solutions to Constraint Hierarchies: The Split Stay Problem},
  OPTcrossref =  {},
  OPTkey = 	 {},
  booktitle =	 {Workshop on Soft Constraints: Theory and Practice, Sixth International
       Conference on Principles and Practice of Constraint Programming},
  OPTpages = 	 {},
  year =	 {2000},
  OPTeditor = 	 {},
  OPTvolume = 	 {},
  OPTnumber = 	 {},
  OPTseries = 	 {},
  OPTaddress = 	 {},
  month =	 {September},
  OPTorganization = {},
  OPTpublisher = {},
  OPTnote = 	 {},
  OPTannote = 	 {}
}

@TechReport{borning96indigo,
  author = 	 {Alan Borning and Richard Anderson and Bjorn Freeman-Benson},
  title = 	 {The {Indigo} Algorithm},
  institution =  {Department of Computer Science and Engineering, University of Washington},
  year = 	 {1996},
  OPTkey = 	 {},
  OPTtype = 	 {},
  number = 	 {96-05-01},
  OPTaddress = 	 {},
  month = 	 {July},
  OPTnote = 	 {},
  OPTannote = 	 {}
}


@InProceedings{freemanbenson90design,
  author = 	 {Bjorn N. Freeman-Benson and Alan Borning},
  title = 	 {The Design and Implementation of {Kaleidoscope'90}, A Constraint Imperative Programming Language},
  OPTcrossref =  {},
  OPTkey = 	 {},
  booktitle =	 {Proceedings of the IEEE Computer Society 1992 International Conference on Computer Languages},
  pages =	 {174-180},
  year =	 {1992},
  OPTeditor = 	 {},
  OPTvolume = 	 {},
  OPTnumber = 	 {},
  OPTseries = 	 {},
  OPTaddress = 	 {},
  month =	 {April},
  OPTorganization = {},
  OPTpublisher = {},
  OPTnote = 	 {},
  OPTannote = 	 {}
}

@Article{mcaloon002lp,
  author = 	 {Ken McAloon and Carol Tretkoff},
  title = 	 {{2LP}: Linear Programming and Logic Programming},
  journal = 	 {????},
  year = 	 {19??},
  OPTkey = 	 {},
  OPTvolume = 	 {},
  OPTnumber = 	 {},
  OPTpages = 	 {},
  OPTmonth = 	 {},
  OPTnote = 	 {},
  OPTannote = 	 {}
}

@Article{freemanbenson90incremental,
  author = 	 {Bjorn N. Freeman-Benson and John Maloney and Alan Borning},
  title = 	 {An Incremental Constraint Solver},
  journal = 	 {Communications of the ACM},
  year = 	 {1990},
  OPTkey = 	 {},
  volume = 	 {33},
  number = 	 {1},
  OPTpages = 	 {54--62},
  month = 	 {January},
  OPTnote = 	 {},
  OPTannote = 	 {}
}


@Misc{koalogwww,
  OPTkey = 	 {},
  author = 	 {Koalog},
  title = 	 {Koalog Web Site},
  howpublished = {World Wide Web},
  month = 	 {February},
  year = 	 {2003},
  note = 	 {\newline{\small\tt http://www.koalog.com}, \newline last visited: 2003-02-24},
  OPTannote = 	 {}
}

@Misc{koalog,
  OPTkey = 	 {},
  author =	 {Koalog},
  title =	 {Koalog Constraint Solver (v1.1 stable) Tutorial},
  howpublished = {World Wide Web},
  month =	 {February},
  year =	 {2003},
  note =	 {\newline{\small\tt http://www.koalog.com/resources/doc/jcs-tutorial.pdf}, \newline last visited: 2003-02-24},
  OPTannote = 	 {}
}

@inproceedings{ILOG,
 author    = {J.-F. Puget},
 title     = {{A C++ Implementation of CLP}}, 
 booktitle = {Proceedings of the Second Singapore International Conference on Intelligent Systems},
 address   = {Singapore},
 year      = {1994}},

@Misc{ilogwww,
  OPTkey = 	 {},
  author = 	 {ILOG},
  title = 	 {ILOG Web Site},
  howpublished = {World Wide Web},
  month = 	 {February},
  year = 	 {2003},
  note = 	 {\newline{\small\tt http://www.ilog.com}, \newline last visited: 2003-02-24},
  OPTannote = 	 {}
}

@TechReport{wilson94hclp,
  author = 	 {Molly Wilson and Alan Borning},
  title = 	 {Hierarchical Constraint Logic Programming},
  institution =  {Department of Computer Science and Engineering, University of Washington},
  year = 	 {1993},
  OPTkey = 	 {},
  OPTtype = 	 {},
  number = 	 {93-01-02a},
  OPTaddress = 	 {},
  month = 	 {May},
  OPTnote = 	 {},
  OPTannote = 	 {}
}

@InProceedings{hosobe94locally,
  author = 	 {Hiroshi Hosobe and Ken Miyashita and Shin Takahashi and Satoshi Matsuoka and Akinori Yonezawa},
  title = 	 {Locally Simultaneous Constraint Satisfaction},
  OPTcrossref =  {},
  OPTkey = 	 {},
  booktitle = {PPCP'94},
  pages = 	 {51--61},
  year = 	 {1994},
  OPTeditor = 	 {},
  OPTvolume = 	 {},
  number = 	 {874},
  series = 	 {LNCS},
  OPTaddress = 	 {},
  month = 	 {October},
  OPTorganization = {},
  OPTpublisher = {},
  OPTnote = 	 {},
  OPTannote = 	 {}
}

@inproceedings{ hosobe96generalized,
    author = "Hiroshi Hosobe and Satoshi Matsuoka and Akinori Yonezawa",
    title = "Generalized Local Propagation: A Framework for Solving Constraint Hierarchies",
    booktitle = "Principles and Practice of Constraint Programming",
    pages = "237-251",
    year = "1996",
    url = "citeseer.nj.nec.com/hosobe96generalized.html" }


@Book{marriot98programmingwithconstraints,
  author = 	 {K. Marriot and P. J. Stuckey},
  ALTeditor = 	 {},
  title = 	 {Programming with Constraints},
  publisher = 	 {MIT Press},
  year = 	 {1998},
  OPTkey = 	 {},
  OPTvolume = 	 {},
  OPTnumber = 	 {},
  OPTseries = 	 {},
  OPTaddress = 	 {},
  OPTedition = 	 {},
  OPTmonth = 	 {},
  OPTnote = 	 {},
  OPTannote = 	 {}
}

@InProceedings{lamport84aliasing,
  author = 	 {Leslie Lamport and Fred B. Schneider},
  title = 	 {Constraints: A Uniform Approach to Aliasing and Typing},
  OPTcrossref =  {},
  OPTkey = 	 {},
  booktitle = {Conference Record of the Twelfth Annual ACM Symposium on Principles of Programming Languages},
  pages = 	 {205--216},
  year = 	 {1984},
  OPTeditor = 	 {},
  volume = 	 {12},
  OPTnumber = 	 {},
  OPTseries = 	 {},
  OPTaddress = 	 {},
  month = 	 {January},
  organization = {ACM},
  OPTpublisher = {},
  OPTnote = 	 {},
  OPTannote = 	 {}
}

@InProceedings{jaffar87clp,
  author = 	 {Joxan Jaffar and Jean-Louis Lassez},
  title = 	 {Constraint Logic Programming},
  OPTcrossref =  {},
  OPTkey = 	 {},
  booktitle = {Conference Record of the Fourteenth Annual ACM Symposium on Principles of Programming Languages},
  pages = 	 {111--119},
  year = 	 {1987},
  OPTeditor = 	 {},
  volume = 	 {14},
  OPTnumber = 	 {},
  OPTseries = 	 {},
  OPTaddress = 	 {},
  month = 	 {January},
  organization = {ACM},
  OPTpublisher = {},
  OPTnote = 	 {},
  OPTannote = 	 {}
}

@TechReport{bueno02ciao,
  author = 	 {F. Bueno and D. Cabeza and M.Carro and M. Hermenegildo and P. Lopez and G. Puebla},
  title = 	 {The {Ciao} Prolog System},
  institution =  {The CLIP Group, School of Computer Science, Technical University of Madrid},
  year = 	 {2002},
  OPTkey = 	 {},
  OPTtype = 	 {},
  number = 	 {CLIP 3/97.1},
  OPTaddress = 	 {},
  OPTmonth = 	 {},
  note = 	 {\newline{\small\tt http://clip.dia.fi.upm.es/Software/Ciao/ciao.pdf},\newline last visited 2003-02-24},
  OPTannote = 	 {}
}

@Misc{gnuProlog,
  OPTkey = 	 {},
  author = 	 {Daniel Diaz},
  title = 	 {{GNU} {Prolog}: A Native {Prolog} Compiler with Constraint Solving over Finite Domains},
  howpublished = {World Wide Web},
  month =	 {September},
  year =	 {2002},
  note = 	 {\newline{\small\tt http://pauillac.inria.fr/~diaz/gnu-prolog/manual/index.html},\newline last visited 2003-02-24},
  OPTannote = 	 {}
}

@INPROCEEDINGS{Hofstedt_02B,
  AUTHOR  = {Petra Hofstedt},
  TITLE   = {{A general Approach for Building Constraint Languages}},
  BOOKTITLE = {AI 2002: Advances in Artificial Intelligence},
  YEAR    = {2002},
  EDITOR  = {B. McKay and J. Slaney},
  PAGES   = {431-442},
  SERIES  = {LNCS},
  VOLUME  = {1470},
  PUBLISHER = {Springer-Verlag}},

@InProceedings{KobayashiMarinIdaChe.WFLP02,
  author = 	 {N. Kobayashi and M. Marin and T. Ida and Z. Che},
  title = 	 {Open {CFLP}: An Open System for Collaborative Constraint Functional Logic Programming},
  booktitle =	 {Proc. of the 11th International Workshop on Functional 
                   and (Constraint) Logic Programming (WFLP 2002)},
  year =	 2002,
  series =	 {Research Report UDMI/18/2002/RR},
  publisher =	 {University of Udine}}, 

@InProceedings{aiken94setconstraints,
  author = 	 {A. Aiken},
  title = 	 {Set Constraints: Results, Applications and Future Directions},
  OPTcrossref =  {},
  OPTkey = 	 {},
  booktitle = {Principles and Practice of Computer Programming},
  OPTpages = 	 {},
  year = 	 {1994},
  editor = 	 {A. Borning},
  OPTvolume = 	 {874},
  number = 	 {874},
  series = 	 {LNCS},
  OPTaddress = 	 {},
  OPTmonth = 	 {},
  OPTorganization = {},
  publisher = {Springer--Verlag},
  OPTnote = 	 {},
  OPTannote = 	 {}
}


@BOOK{Pepper.Opal,
  AUTHOR  = {P. Pepper},
  TITLE   = {{Funktionale Programmierung. in OPAL, ML, HASKELL und GOFER}},
  PUBLISHER = {Springer},
  YEAR    = {2003},
  edition = {2nd}},


@MISC{CIP1,
 key     = {CIP1},
 TITLE   = {{Constraint Imperative Programming}},
 howpublished = {World Wide Web},
 NOTE    = {\newline {\small\tt http://www.ncst.ernet.in/kbcs/vivek/issues/10.4/ravi/node10.html}, \newline last visited: 2003-02-24},
 YEAR    = 1999},

@MISC{CIP2,
 key     = {CIP2},
 TITLE   = {{Papers -- Constraint Imperative Programming}},
 howpublished = {World Wide Web},
 NOTE    = {\newline {\small\tt http://www.cs.washington.edu/research/constraints/cip/}, \newline last visited: 2003-02-24},
 YEAR    = 2003},

@Book{milner97sml,
  author = 	 {R. Milner and M. Tofte and R. Harper and D. MacQueen},
  ALTeditor = 	 {},
  title = 	 {The Definition of Standard ML},
  publisher = 	 {MIT Press},
  year = 	 {1997},
  OPTkey = 	 {},
  OPTvolume = 	 {},
  OPTnumber = 	 {},
  OPTseries = 	 {},
  OPTaddress = 	 {},
  OPTedition = 	 {},
  OPTmonth = 	 {},
  note = 	 {Revised edition.},
  OPTannote = 	 {}
}

@book{peytonjones98haskell98,
  ALTauthor =	 {},
  editor = 	 {S. {Peyton Jones}},
  title = 	 {Haskell 98 Language and Libraries---The Revised Report},
  publisher = 	 {Cambridge University Press},
  year = 	 {2003},
  OPTkey = 	 {},
  OPTvolume = 	 {},
  OPTnumber = 	 {},
  OPTseries = 	 {},
  OPTaddress = 	 {},
  OPTedition = 	 {},
  OPTmonth = 	 {},
  note = 	 {To appear, also available from: \newline{\small\tt http://www.haskell.org/definition/}, \newline last visited: 2003-02-24},
  OPTannote = 	 {}
}

@Book{muchnick97advancedcompiler,
  author = 	 {Steven S. Muchnick},
  ALTeditor = 	 {},
  title = 	 {Advanced Compiler Design and Implementation},
  publisher = 	 {Morgan Kaufmann Publishers},
  year = 	 {1997},
  OPTkey = 	 {},
  OPTvolume = 	 {},
  OPTnumber = 	 {},
  OPTseries = 	 {},
  OPTaddress = 	 {},
  OPTedition = 	 {},
  OPTmonth = 	 {},
  OPTnote = 	 {},
  OPTannote = 	 {}
}


@InProceedings{zhou98dj,
  author = 	 {Neng-Fa Zhou and Sousuke Kaneko and Kouji Yamauchi},
  title = 	 {{DJ}: A {Java}-based Constraint Language and System},
  OPTcrossref =  {},
  OPTkey = 	 {},
  booktitle = {JSSST},
  OPTpages = 	 {},
  year = 	 {1998},
  OPTeditor = 	 {},
  OPTvolume = 	 {},
  OPTnumber = 	 {},
  OPTseries = 	 {},
  OPTaddress = 	 {},
  OPTmonth = 	 {},
  OPTorganization = {},
  OPTpublisher = {},
  OPTnote = 	 {},
  OPTannote = 	 {}
}

@Article{fruehwirth98chr,
  author = 	 {Thom Fr{\"u}hwirth},
  title = 	 {Theory and Practice of Constraint Handling Rules},
  journal = 	 {Journal of Logic Programming},
  year = 	 {1998},
  OPTkey = 	 {},
  volume = 	 {37},
  number = 	 {1--3},
  pages = 	 {95--138},
  month = 	 {October},
  OPTnote = 	 {},
  OPTannote = 	 {}
}

@Book{appel92compilingwithcontinuations,
  author = 	 {Andrew W. Appel},
  ALTeditor = 	 {},
  title = 	 {Compiling with Continuations},
  publisher = 	 {Cambridge University Press},
  year = 	 {1992},
  OPTkey = 	 {},
  OPTvolume = 	 {},
  OPTnumber = 	 {},
  OPTseries = 	 {},
  OPTaddress = 	 {},
  OPTedition = 	 {},
  OPTmonth = 	 {},
  OPTnote = 	 {},
  OPTannote = 	 {}
}

@Article{kelsey94tractable,
  author = 	 {Richard A. Kelsey and Jonathan A. Rees},
  title = 	 {A Tractable {S}cheme Implementation},
  journal = 	 {Lisp and Symbolic Computation: An International Journal},
  year = 	 {1994},
  OPTkey = 	 {},
  volume =	 {7},
  number = 	 {4},
  pages = 	 {315--335},
  OPTmonth = 	 {},
  OPTnote = 	 {},
  OPTannote = 	 {}
}

@Book{cunningham01wiki,
  author = 	 {Bo Leuf and Ward Cunningham},
  ALTeditor = 	 {},
  title = 	 {The Wiki Way: Collaboration and Sharing on the Internet },
  publisher = 	 {Addison-Wesley},
  year = 	 {2001},
  OPTkey = 	 {},
  OPTvolume = 	 {},
  OPTnumber = 	 {},
  OPTseries = 	 {},
  OPTaddress = 	 {},
  OPTedition = 	 {},
  OPTmonth = 	 {},
  OPTnote = 	 {},
  OPTannote = 	 {}
}

@PhdThesis{hofstedt2001diss,
  author = 	 {Petra Hofstedt},
  title = 	 {{Cooperation and Coordination of Constraint Solvers}},
  school = 	 {Technische Universt{\"a}t Dresden},
  year = 	 {2001},
  OPTkey = 	 {},
  OPTtype = 	 {},
  OPTaddress = 	 {},
  OPTmonth = 	 {},
  OPTnote = 	 {},
  OPTannote = 	 {}
}

@Book{abelson96sicp,
  author = 	 {Harold Abelson and Gerald Jay Sussman and Julie Sussman},
  ALTeditor = 	 {},
  title = 	 {Structure and Interpretation of Computer Programs},
  publisher = 	 {MIT Press},
  year = 	 {1996},
  OPTkey = 	 {},
  OPTvolume = 	 {},
  OPTnumber = 	 {},
  OPTseries = 	 {},
  OPTaddress = 	 {},
  edition = 	 {second},
  OPTmonth = 	 {},
  OPTnote = 	 {},
  OPTannote = 	 {}
}

@Misc{wilson03schintro,
  OPTkey = 	 {},
  author = 	 {Paul R. Wilson},
  title = 	 {An Introduction to {Scheme} and its Implementation},
  howpublished = {World Wide Web},
  month = 	 {February},
  year = 	 {2003},
  note = 	 {\newline{\small\tt http://www.cs.utexas.edu/users/wilson/schintro/schintro\_toc.html}, \newline last visited: 2003-02-24},
  OPTannote = 	 {}
}

